@misc{gobbi2018concept,
    title={Concept Tagging for Natural Language Understanding: Two Decadelong Algorithm Development},
    author={Jacopo Gobbi and Evgeny Stepanov and Giuseppe Riccardi},
    year={2018},
    eprint={1807.10661},
    archivePrefix={arXiv},
    primaryClass={cs.CL}
}	

@article{Chen2014DerivingLR,
  title={Deriving local relational surface forms from dependency-based entity embeddings for unsupervised spoken language understanding},
  author={Yun-Nung Chen and Dilek Z. Hakkani-T{\"u}r and G{\"o}khan T{\"u}r},
  journal={2014 IEEE Spoken Language Technology Workshop (SLT)},
  year={2014},
  pages={242-247}
}

  @book{nltk,
 author = {Bird, Steven and Klein, Ewan and Loper, Edward},
 title = {Natural Language Processing with Python},
 year = {2009},
 isbn = {0596516495},
 publisher = {O’Reilly Media, Inc.},
 edition = {1st}
}


  @inproceedings{openfst,
 author = {Allauzen, Cyril and Riley, Michael and Schalkwyk, Johan and Skut, Wojciech and Mohri, Mehryar},
 title = {OpenFst: A General and Efficient Weighted Finite-State Transducer Library},
 year = {2007},
 isbn = {354076335X},
 publisher = {Springer-Verlag},
 address = {Berlin, Heidelberg},
 booktitle = {Proceedings of the 12th International Conference on Implementation and Application of Automata},
 pages = {11–23},
 numpages = {13},
 keywords = {rational power series, finite-state transducers, weighted automata},
 location = {Prague, Czech Republic},
 series = {CIAA’07}
}

  @inproceedings{opengrm,
 author = {Roark, Brian and Sproat, Richard and Allauzen, Cyril and Riley, Michael and Sorensen, Jeffrey and Tai, Terry},
 title = {The OpenGrm Open-Source Finite-State Grammar Software Libraries},
 year = {2012},
 publisher = {Association for Computational Linguistics},
 address = {USA},
 booktitle = {Proceedings of the ACL 2012 System Demonstrations},
 pages = {61–66},
 numpages = {6},
 location = {Jeju Island, Korea},
 series = {ACL ’12}
}

@unpublished{spacy2,
    AUTHOR = {Honnibal, Matthew and Montani, Ines},
    TITLE  = {{spaCy 2}: Natural language understanding with {B}loom embeddings, convolutional neural networks and incremental parsing},
    YEAR   = {2017},
    Note   = {To appear}
}